

 @article{Page1993,
  title = {Average entropy of a subsystem},
  author = {Page, Don N.},
  journal = {Phys. Rev. Lett.},
  volume = {71},
  issue = {9},
  pages = {1291--1294},
  numpages = {0},
  year = {1993},
  month = {Aug},
  publisher = {American Physical Society},
  doi = {10.1103/PhysRevLett.71.1291},
  url = {https://link.aps.org/doi/10.1103/PhysRevLett.71.1291}
}


@article{Lloyd1988,
title = "Complexity as thermodynamic depth",
journal = "Annals of Physics",
volume = "188",
number = "1",
pages = "186 - 213",
year = "1988",
issn = "0003-4916",
doi = "https://doi.org/10.1016/0003-4916(88)90094-2",
url = "http://www.sciencedirect.com/science/article/pii/0003491688900942",
author = "Seth Lloyd and Heinz Pagels"
}

@article{Zyczkowski2001,
	doi = {10.1088/0305-4470/34/35/335},
	url = {https://doi.org/10.1088\%2F0305-4470%2F34%2F35%2F335},
	year = 2001,
	month = {aug},
	publisher = {{IOP} Publishing},
	volume = {34},
	number = {35},
	pages = {7111--7125},
	author = {Karol Zyczkowski and Hans-Jürgen Sommers},
	title = {Induced measures in the space of mixed quantum states},
	journal = {Journal of Physics A: Mathematical and General},
}

@book{Forrester,
  author={Peter Forrester},
  year={2010},
  title={Log-Gases and Random Matrices },
  publisher={Princeton University Press, Princeton, NJ},
  url={www.jstor.org/stable/j.ctt7t5vq}
}



@article{Jurkiewicz,
  title = {Diagrammatic Approach to Fluctuations in the Wishart Ensemble},
  author = {J. Jurkiewicz and G. Lukaszewski and M.A. Nowak},
  journal = {Acta Phys. Pol. B},
  volume = {39},
  issue = {},
  pages = {799},
  year = {2008},
  publisher = {Jagiellonian University, Kraków, Poland},
  url = {https://www.actaphys.uj.edu.pl/R/39/4/799/pdf}
}



 @article{Zee1994,
  title = {Correlation functions in disordered systems},
  author = {Br\'ezin, E. and Zee, A.},
  journal = {Phys. Rev. E},
  volume = {49},
  issue = {4},
  pages = {2588--2596},
  numpages = {0},
  year = {1994},
  month = {Apr},
  publisher = {American Physical Society},
  doi = {10.1103/PhysRevE.49.2588},
  url = {https://link.aps.org/doi/10.1103/PhysRevE.49.2588}
}

@article{Zee1995,
title = "Universal relation between Green functions in random matrix theory",
journal = "Nuclear Physics B",
volume = "453",
number = "3",
pages = "531 - 551",
year = "1995",
issn = "0550-3213",
doi = "https://doi.org/10.1016/0550-3213(95)00446-Y",
url = "http://www.sciencedirect.com/science/article/pii/055032139500446Y",
author = "E. Brézin and A. Zee"
}



@article{SLA20,
 author     = {Hassan Shapourian and Shang Liu and Ashvin Vishwanath},
 journal    = {to appear},
 month      = {},
 title      = {Semi-circle law of the negativity spectrum},
  url                  = {},
 year                 = {2020}
 }
 
 @article{SMR20,
 author     = {Hassan Shapourian and Roger Mong and Shinsei Ryu},
 journal    = {to appear},
 month      = {},
 title      = {Anyonic Partial transpose},
  url                  = {},
 year                 = {2020}
 }
 
 
 
 
 
 
@book{Rovelli:2004tv,
    author = "Rovelli, Carlo",
    title = "Quantum gravity",
    year = "2004",
  publisher={Cambridge Univ. Pr., Cambridge, UK},
    series = "Cambridge Monographs on Mathematical Physics",
    doi = "10.1017/CBO9780511755804"
}

@ARTICLE{1996PhRvD..54.2664D,
   author = {{de Pietri}, R. and {Rovelli}, C.},
    title = "{Geometry eigenvalues and the scalar product from recoupling theory in loop quantum gravity}",
  journal = {\prd},
   eprint = {gr-qc/9602023},
 keywords = {Canonical quantization, Theory of quantized fields},
     year = 1996,
    month = aug,
   volume = 54,
    pages = {2664-2690},
      doi = {10.1103/PhysRevD.54.2664},
   adsurl = {http://adsabs.harvard.edu/abs/1996PhRvD..54.2664D},
  adsnote = {Provided by the SAO/NASA Astrophysics Data System}
}


